% Encoding: UTF-8

@Standard{IanHickson2015,
  title        = {Web Workerd},
  organization = {W3C},
  author       = {Ian Hickson, Google, Inc.},
  revision     = {24 September 2015},
  month        = {sep},
  year         = {2015},
  url          = {https://www.w3.org/TR/workers/},
}

@Comment{jabref-meta: databaseType:bibtex;}

% Encoding: UTF-8
